
@book{devleesschauwer2022,
	title = {prevalence: Tools for prevalence assessment studies.},
	author = {Devleesschauwer, Brecht and Torgerson, Paul and Charlier, Johannes and Levecke, Bruno and Praet, Nicolas and Roelandt, Sophie and Smit, Suzanne and Dorny, Pierre and Berkvens, Dirk and Speybroeck, Niko},
	year = {2022},
	date = {2022},
	url = {https://cran.r-project.org/package=prevalence}
}
